@book{nocedal1999numerical,
  title = {Numerical optimization},
  author = {Nocedal, Jorge and Wright, Stephen J},
  year = {1999},
  publisher = {Springer},
}

@book{boyd2004convex,
  title = {Convex optimization},
  author = {Boyd, Stephen P and Vandenberghe, Lieven},
  year = {2004},
  publisher = {Cambridge university press},
}

@book{magnus2019matrix,
  title = {Matrix differential calculus with applications in statistics and
           econometrics},
  author = {Magnus, Jan R and Neudecker, Heinz},
  year = {2019},
  publisher = {John Wiley \& Sons},
}
